<?xml version="1.0" encoding="UTF-8"?>
<collection xmlns:xsi="http://www.w3.org/2001/XMLSchema-instance" xsi:schemaLocation="http://www.loc.gov/MARC21/slim http://www.loc.gov/standards/marcxml/schema/MARC21slim.xsd" xmlns="http://www.loc.gov/MARC21/slim">
<record>
  <leader>00953cam a22002651  4500</leader>
  <controlfield tag="001">2958284</controlfield>
  <controlfield tag="003">NNC</controlfield>
  <controlfield tag="005">20140922164711.0</controlfield>
  <controlfield tag="008">990321s1954    ua            000 0 ara d</controlfield>
  <datafield tag="035" ind1=" " ind2=" ">
    <subfield code="a">(OCoLC)39942749</subfield>
  </datafield>
  <datafield tag="035" ind1=" " ind2=" ">
    <subfield code="a">(OCoLC)ocm39942749</subfield>
  </datafield>
  <datafield tag="035" ind1=" " ind2=" ">
    <subfield code="9">ASK3407CU</subfield>
  </datafield>
  <datafield tag="035" ind1=" " ind2=" ">
    <subfield code="a">(NNC)2958284</subfield>
  </datafield>
  <datafield tag="035" ind1=" " ind2=" ">
    <subfield code="a">2958284</subfield>
  </datafield>
  <datafield tag="040" ind1=" " ind2=" ">
    <subfield code="a">CGU</subfield>
    <subfield code="c">CGU</subfield>
    <subfield code="d">ZCU</subfield>
  </datafield>
  <datafield tag="090" ind1=" " ind2=" ">
    <subfield code="a">BP166</subfield>
    <subfield code="b">.M39</subfield>
  </datafield>
  <datafield tag="100" ind1="1" ind2=" ">
    <subfield code="a">Mayyārah, Muḥammad ibn Aḥmad,</subfield>
    <subfield code="d">1590 or 1591-1661 or 1662.</subfield>
  </datafield>
  <datafield tag="245" ind1="1" ind2="3">
    <subfield code="a">al-Durr al-thamīn wa-al-mawrid al-muʻīn.</subfield>
  </datafield>
  <datafield tag="260" ind1=" " ind2=" ">
    <subfield code="a">Miṣr,</subfield>
    <subfield code="c">1954.</subfield>
  </datafield>
  <datafield tag="300" ind1=" " ind2=" ">
    <subfield code="a">2 v. in 1.</subfield>
    <subfield code="c">28 cm.</subfield>
  </datafield>
  <datafield tag="600" ind1="1" ind2="0">
    <subfield code="a">Andalusī, Abū Muḥammad al-Fāsī,</subfield>
    <subfield code="d">-1630.</subfield>
    <subfield code="t">Murshid al-muʻīn ʻalá al-ḍarūrī min ʻulūm al-dīn.</subfield>
  </datafield>
  <datafield tag="600" ind1="1" ind2="0">
    <subfield code="a">Raqaʻī, ʻAbd al-Raḥmān.</subfield>
    <subfield code="t">Naẓm muqaddimat Ibn Rushd.</subfield>
  </datafield>
  <datafield tag="700" ind1="1" ind2=" ">
    <subfield code="a">Tatāʼī, Muḥammad ibn Ibrāhīm,</subfield>
    <subfield code="d">-1535 or 1536.</subfield>
    <subfield code="t">Khiṭaṭ al-sadād wa-al-rushd.</subfield>
  </datafield>
  <datafield tag="740" ind1="0" ind2=" ">
    <subfield code="a">Sharḥ khiṭaṭ al-sadād.</subfield>
  </datafield>
  <datafield tag="955" ind1=" " ind2=" ">
    <subfield code="b">CU55322280</subfield>
    <subfield code="d">off,glx</subfield>
    <subfield code="e">BP166 .M39</subfield>
  </datafield>
</record>
</collection>